@article{Chaitin1981,
  doi = {10.1016/0096-0551(81)90048-5},
  url = {https://doi.org/10.1016/0096-0551(81)90048-5},
  year = {1981},
  month = jan,
  publisher = {Elsevier {BV}},
  volume = {6},
  number = {1},
  pages = {47--57},
  author = {Gregory J. Chaitin and Marc A. Auslander and Ashok K. Chandra and John Cocke and Martin E. Hopkins and Peter W. Markstein},
  title = {Register allocation via coloring},
  journal = {Computer Languages}
}

@incolleciton{Bouchez2007,
  doi = {10.1007/978-3-540-72521-3_21},
  url = {https://doi.org/10.1007/978-3-540-72521-3_21},
  year = {2007},
  publisher = {Springer Berlin Heidelberg},
  pages = {283--298},
  author = {Florent Bouchez and Alain Darte and Christophe Guillon and Fabrice Rastello},
  title = {Register Allocation: What Does the {NP}-Completeness Proof of Chaitin et al. Really Prove? Or Revisiting Register Allocation: Why and How},
  booktitle = {Languages and Compilers for Parallel Computing}
}
